<collection xmlns="http://www.loc.gov/MARC21/slim">
    <record>
        <controlfield tag="001">253576</controlfield>
        <controlfield tag="005">20200327101615.0</controlfield>
        <datafield tag="041" ind1="0" ind2="7">
            <subfield code="a">eng</subfield>
        </datafield>
        <datafield tag="046" ind1=" " ind2=" ">
            <subfield code="k">2016</subfield>
        </datafield>
        <datafield tag="245" ind1="0" ind2="0">
            <subfield code="a">Very low energy STEM/TOF system</subfield>
        </datafield>
        <datafield tag="300" ind1=" " ind2=" ">
            <subfield code="a">2 s.</subfield>
        </datafield>
        <datafield tag="520" ind1=" " ind2=" ">
            <subfield code="a">Scanning low energy electron microscopes (SLEEMs) have been built at ISI for over 20
                years, either by modification of commercially available SEMs with a cathode lens or completely
                self-built in case of a dedicated ultra-high vacuum scanning low energy electron microscope (UHV SLEEM).
                Recently, the range of detection methods has been extended\nby a detector for electrons transmitted
                through ultrathin films and 2D crystals like graphene. For a better understanding of interaction between
                low energy electrons and solids in general, and the image contrast mechanism in particular, it was
                considered useful to measure the energy of transmitted electrons. This allows a better comparison with
                simulations, which suffer from increasing complexity due to a stronger interaction of electrons with the
                density of states at low energies.
            </subfield>
            <subfield code="9">eng</subfield>
        </datafield>
        <datafield tag="598" ind1=" " ind2=" ">
            <subfield code="a">Související webová stránka: http://www.trends.isibrno.cz/</subfield>
        </datafield>
        <datafield tag="653" ind1="0" ind2=" ">
            <subfield code="a">elecvtron microscopy</subfield>
        </datafield>
        <datafield tag="653" ind1="0" ind2=" ">
            <subfield code="a">SLEEM</subfield>
        </datafield>
        <datafield tag="653" ind1="0" ind2=" ">
            <subfield code="a">UHV SLEEM</subfield>
        </datafield>
        <datafield tag="655" ind1="7" ind2=" ">
            <subfield code="a">Příspěvky z konference</subfield>
            <subfield code="2">NUŠL typ dokumentu</subfield>
        </datafield>
        <datafield tag="711" ind1="2" ind2=" ">
            <subfield code="a">International Seminar on Recent Trends in Charged Particle Optics and Surface Physics
                Instrumentation /15./
            </subfield>
            <subfield code="c">Skalský dvůr (CZ)</subfield>
            <subfield code="d">20160529</subfield>
        </datafield>
        <datafield tag="720" ind1=" " ind2=" ">
            <subfield code="a">Daniel, Benjamin</subfield>
        </datafield>
        <datafield tag="720" ind1=" " ind2=" ">
            <subfield code="i">Radlička, Tomáš</subfield>
        </datafield>
        <datafield tag="720" ind1=" " ind2=" ">
            <subfield code="i">Piňos, Jakub</subfield>
        </datafield>
        <datafield tag="720" ind1=" " ind2=" ">
            <subfield code="i">Frank, Luděk</subfield>
        </datafield>
        <datafield tag="720" ind1=" " ind2=" ">
            <subfield code="i">Müllerová, Ilona</subfield>
        </datafield>
        <datafield tag="773" ind1="1" ind2=" ">
            <subfield code="z">978-80-87441-17-6</subfield>
            <subfield code="t">Proceedings of the 15th International Seminar on Recent Trends in Charged Particle Optics
                and Surface Physics Instrumentation
            </subfield>
        </datafield>
        <datafield tag="856" ind1="4" ind2="0">
            <subfield code="z">Odkaz na původní záznam</subfield>
            <subfield code="u">http://hdl.handle.net/11104/0260331</subfield>
        </datafield>
        <datafield tag="856" ind1="4" ind2="0">
            <subfield code="u">http://www.nusl.cz/ntk/nusl-253576</subfield>
            <subfield code="z">PID NUŠL</subfield>
        </datafield>
        <datafield tag="909" ind1="C" ind2="O">
            <subfield code="o">oai:invenio.nusl.cz:253576</subfield>
            <subfield code="p">global</subfield>
        </datafield>
        <datafield tag="970" ind1=" " ind2=" ">
            <subfield code="a">0460199</subfield>
        </datafield>
        <datafield tag="980" ind1=" " ind2=" ">
            <subfield code="a">prispevky_z_konference</subfield>
        </datafield>
        <datafield tag="996" ind1=" " ind2=" ">
            <subfield code="a">Dokument je dostupný v příslušném ústavu Akademie věd ČR.</subfield>
            <subfield code="b">Fulltext is available at the institute of the Academy of Sciences.</subfield>
            <subfield code="9">0</subfield>
        </datafield>
        <datafield tag="998" ind1=" " ind2=" ">
            <subfield code="a">ustav_pristrojove_techniky</subfield>
        </datafield>
        <datafield tag="999" ind1="C" ind2="1">
            <subfield code="a">606988</subfield>
        </datafield>
    </record>
</collection>